%/ example
@misc{cite-labe, 
  title = {},
  author={},
  howpublished = {\url{https:...}},
  month = {},
  year = {},
  note = {(Accessed on 03.04.2020)}
}


@inproceedings{darken1997omni,
  title={The omni-directional treadmill: a locomotion device for virtual worlds},
  author={Darken, Rudolph P and Cockayne, William R and Carmein, David},
  booktitle={Proceedings of the 10th annual ACM symposium on User interface software and technology},
  pages={213--221},
  year={1997},
  organization={ACM}
}

@misc{blocktix-whitepaper, 
  title = {Blocktix: Decentralized Event Hosting and Ticket DistributionNetwork},
  author={Florian Mathieu and Ryno Mathee},
  howpublished = {\url{https://whitepaper.io/document/332/blocktix-whitepaper}},
  month = {9},
  year = {2017},
  note = {(Accessed on 03.04.2020)}
}

@misc{origin-protocol-whitepaper, 
  title = {Origin Protocol},
  author = {Matthew Liu and Josh Fraser},
  howpublished = {\url{https://www.originprotocol.com/en/whitepaper}},
  month = {12},
  year = {2019},
  note = {(Accessed on 03.04.2020)}
}

@misc{blockparty-whitepaper, 
  title = {Blockparty: An Event Ticketing Blockchain Protocol},
  author = {},
  howpublished = {\url{https://cms.goblockparty.com/wp-content/uploads/2019/04/Blockparty-Event-Ticketing-Whitepaper-v-4.6.pdf}},
  month = {5},
  year = {2018},
  note = {(Accessed on 03.04.2020)}
}

@misc{metamask-breaking-changes, 
  title = {Breaking Changes to the MetaMask Inpage Provider},
  author={Erik Marks},
  howpublished = {\url{https://medium.com/metamask/breaking-changes-to-the-metamask-inpage-provider-b4dde069dd0a}},
  month = {11},
  year = {2019},
  note = {(Accessed on 03.04.2020)}
}

@misc{metamask-mobile, 
  title = {MetaMask Mobile Beta â€” a feature guide and walkthrough},
  author={Jason Lee},
  howpublished = {\url{https://medium.com/metamask/metamask-mobile-public-beta-a-feature-guide-and-walkthrough-9d01de7190ae}},
  month = {7},
  year = {2019},
  note = {(Accessed on 03.04.2020)}
}

@misc{GET_PROTOCOL, 
  title = {GUARANTEED ENTRANCE TOKEN Smart Event Ticketing Protocol},
  author={{GET Foundation Team}},
  howpublished = {\url{https://get-protocol.io/files/GET-Whitepaper-GUTS-Tickets-latest.pdf}},
  month = {8},
  year = {2017},
  note = {(Accessed on 03.04.2020)}
}

@misc{SECUTIX, 
  title = {Blockchain: solution for the black market threat to the ticketing industry},
  author={Vincent Larchet},
  howpublished = {\url{https://www.secutix.com/de/ticket-betrug-mit-blockchain-technologie-bekaempfen/}},
  note = {(Accessed on 07.04.2020)}
}

@misc{UPGRADED,
  title = {UPGRADED},
  howpublished = {https://www.upgraded-inc.com}
  note = {(Accessed on 07.04.2020)}
}
@misc{bat-ico-tx-fees,
author = {CodeTract},
title = {BAT ICO, USD 35 million in 24 seconds, gas and gasPrice},
howpublished = {\url{https://medium.com/@codetractio/bat-ico-usd-35-million-in-24-seconds-gas-and-gasprice-6cdde370a615}},
month = {6},
year = {2017},
note = {(Accessed on 03.04.2020)}
}

@misc{ico-paradox,
author = {Richard Holden and Anup Malani},
title = {The ICO paradox: transactions costs, token velocity, and token value},
howpublished = {\url{https://bfi.uchicago.edu/wp-content/uploads/Malani-Anup-Holden-The_ICO_Paradox-8-30-19.pdf}},
month = {8},
year = {2019},
note = {(Accessed on 04/03/2020)}
}

@misc{espass,
author = {},
title = {espass},
howpublished = {\url{https://espass.it/}},
note = {(Accessed on 07.04.2020)}
}

@misc{TicketChain,
author = {Evopass},
title = {Introducing Evopass},
howpublished = {\url{https://medium.com/evopass/introducing-evopass-47e0ed574a50}},
note = {(Accessed on 07.04.2020)}
}



